@inproceedings{boltuvzic2015identifying,
  title={Identifying prominent arguments in online debates using semantic textual similarity},
  author={Boltu{\v{z}}i{\'c}, Filip and {\v{S}}najder, Jan},
  booktitle={Proceedings of the 2nd Workshop on Argumentation Mining},
  pages={110--115},
  year={2015}
}

